2224 3264
598 311 687 364 ΠΒ
839 317 1050 367 Historia
1073 315 1414 366 Eccleer‘aeticae.
1444 312 1577 362 XIII.
1614 312 1718 360 Sec.

596 440 673 486 elae
690 456 777 488 non
801 455 928 503 pone
945 442 1040 488 eine
1071 447 1255 503 peccato
1274 441 1391 486 bona
1411 437 1590 497 propria
1619 434 1861 495 possidere,

594 516 768 551 omnem
803 511 1086 565 potestatem,
1122 505 1218 550 eolo
1254 506 1438 562 peccato
1470 500 1642 545 mortali
1663 496 1860 558 deperdl‚

594 565 762 614 nullam
799 568 1067 622 orationem,
1099 572 1255 626 proeter
1289 561 1432 610 Pater
1468 567 1629 618 noster,
1663 561 1734 618 &c-
1768 572 1862 606 ene

592 626 885 677 fundendam.
949 626 1072 674 Dictl
1091 636 1197 675 eunt
1217 626 1350 673 etiam
1374 621 1644 679 Leooeneen,
1669 622 1862 681 l’opliea-

596 691 661 748 ni,
685 690 886 753 menet,
901 689 1225 750 lonbathsthl,
1246 689 1330 736 διο.

744 964 970 1027 Synopeie
999 963 1282 1012 decimi-tertii
1315 963 1526 1012 Ecclesia
1559 960 1719 1010 Secedi.

598 1110 631 1158 Ι.
658 1109 1088 1202 GoNclLIUM
1120 1110 1237 1159 ΧΠ.
1271 1107 1453 1157 OEeum.
1517 1106 1729 1154 Lateran.
1774 1103 1870 1153 lv.

781 1182 825 1221 et
847 1189 1075 1236 magnum,
1098 1189 1214 1222 anno
1255 1178 1393 1226 1215,
1429 1172 1696 1219 celebratum
1720 1175 1789 1217 est
1810 1170 1866 1214 ab

598 1235 759 1285 Innoc.
823 1237 893 1284 111
902 1270 913 1287 .
949 1238 1145 1295 praeslde.
1208 1238 1459 1283 Adsuetum
1478 1238 1573 1280 412
1593 1231 1739 1293 Episc-
1783 1230 1868 1277 Im·

595 1308 781 1360 perante
804 1298 1031 1346 Friderico
1055 1299 1120 1346 II.
1156 1305 1201 1346 et
1224 1305 1437 1361 regnante
1460 1296 1671 1356 Philippo
1692 1295 1867 1356 Augus-

594 1369 675 1417 ως
710 1377 791 1421 pro
813 1363 1117 1419 recuperanda
1148 1361 1287 1408 Terra
1321 1358 1493 1418 nancta,
1514 1371 1736 1407 eoncessae
1764 1362 1869 1402 eunt

594 1424 881 1486 indulgentiae
902 1426 1080 1484 uberes,
1111 1424 1307 1471 damnati
1339 1430 1441 1470 aurit
1462 1434 1634 1469 errores
1657 1420 1870 1480 Albigen-

594 1486 705 1532 sium
727 1493 775 1533 et
802 1488 988 1534 AbbatIs
1023 1485 1264 1534 Joachimi.
1327 1484 1384 1532 In
1420 1500 1475 1531 eo
1497 1485 1643 1530 editus
1666 1489 1733 1529 est
1755 1481 1874 1528 cele·

593 1549 811 1596 berrimue
833 1564 974 1595 canon
1001 1548 1149 1597 Omnis
1169 1549 1389 1610 utriusque
1409 1545 1552 1601 sezt‘ae,
1580 1549 1640 1607 &c
1686 1547 1741 1593 de
1763 1558 1871 1592 cou-

594 1609 784 1658 senione
806 1614 984 1671 proprio
1010 1614 1204 1659 nai-ocho
1227 1609 1449 1658 facienda·

656 1671 905 1721 Concilium
943 1673 1076 1721 XIII.
1129 1674 1365 1720 OEcumen.
1442 1672 1744 1735 Lugdunense
1782 1670 1871 1731 pri-

593 1748 737 1797 mum,
776 1739 1022 1796 imperante
1058 1736 1285 1782 Friderico
1307 1734 1372 1782 11.
1399 1745 1614 1799 regnante
1636 1736 1683 1782 S.
1716 1732 1870 1782 Ludo-

592 1798 711 1852 vico,
735 1808 956 1859 praesente
1002 1797 1221 1845 Balduino
1242 1797 1521 1857 Imperatore
1552 1797 1872 1844 Constantino-

594 1861 810 1920 politano,
833 1861 1016 1919 praeside
1039 1860 1305 1907 Innocentio
1325 1858 1412 1907 IV.
1443 1875 1561 1908 anno
1581 1865 1720 1908 1245.
1769 1857 1869 1905 Ad-

593 1922 775 1970 fuerunt
800 1926 888 1970 140
913 1923 1143 1984 Episcopi,
1181 1923 1455 1969 celebratum
1491 1925 1575 1970 fuit
1601 1921 1753 1970 contra
1774 1922 1879 1969 Fre-

594 1983 793 2032 dericum
817 1986 885 2033 II.
919 1986 1261 2047 Imperatorem,
1278 2000 1408 2044 quem
1425 1985 1717 2033 Innocentius
1735 1986 1873 2044 depo-

595 2061 700 2094 nere
722 2050 928 2096 t'entovit.
992 2050 1295 2095 Convocatum
1334 2050 1465 2095 etiam
1503 2048 1587 2095 suit
1620 2064 1699 2108 pro
1719 2049 1873 2095 decer-

594 2109 745 2157 nenda
763 2113 1047 2171 expeditione
1062 2116 1188 2160 sacra
1204 2118 1251 2157 et
1270 2110 1555 2158 reformandis
1577 2110 1704 2158 Cleri
1724 2120 1769 2159 et
1787 2124 1870 2169 po-

596 2172 686 2231 puli
707 2175 850 2234 pravis
867 2175 1079 2221 moribus.
1143 2174 1285 2220 Rubri
1304 2174 1409 2234 pilei
1428 2176 1604 2237 insigne
1621 2173 1869 2222 CardInali-

598 2237 686 2282 bus
709 2238 769 2283 ibi
792 2236 941 2284 datum
963 2236 1177 2284 creditur.

659 2297 911 2346 Concilium
955 2298 1096 2346 XIV.
1160 2299 1393 2346 OEcumen.
1467 2298 1768 2361 Lugdunense
1811 2299 1873 2348 11.

596 2376 713 2407 auno
738 2364 873 2419 1274,
896 2364 1147 2420 imperante
1171 2362 1430 2421 Rodolpho,
1452 2373 1663 2424 regnante
1696 2361 1870 2424 Philip-

595 2439 655 2484 po
677 2425 863 2484 Audaci,
885 2424 1068 2485 praesIde
1089 2423 1311 2485 Gregorio
1326 2425 1391 2472 Χ.
1423 2428 1607 2473 aderant
1632 2431 1723 2474 500
1746 2428 1854 2487 Epis

596 2493 644 2533 et
663 2488 885 2534 innumeri
902 2490 1134 2535 inferiores
1156 2488 1351 2534 Praelati.
1414 2490 1695 2536 celebratum
1712 2489 1796 2536 tuit
1811 2489 1872 2536 ad

594 2551 805 2596 unionem
827 2548 1086 2596 Graecorum
1107 2564 1205 2597 cum
1229 2549 1434 2599 Ecclesia
1455 2551 1694 2600 Catholici
1716 2567 1872 2613 procu·

594 2612 792 2670 modam,
827 2612 880 2657 ad
921 2616 1245 2660 correctionem
1281 2628 1473 2673 morum,
1514 2615 1571 2663 ad
1608 2617 1869 2664 celeriorem

598 2673 815 2737 Paparum
838 2677 1104 2723 electionem
1134 2679 1497 2738 promovendam.
