2144 3248
484 247 578 296 202
957 246 1263 308 Compendium

483 371 638 417 statuit
664 372 707 415 in
754 384 894 417 unum
937 370 1212 431 colligendos
1251 384 1347 417 esse
1387 382 1486 415 suos
1525 367 1765 422 Processus

483 432 698 484 verbam,
717 434 792 490 qui
817 433 1061 479 innumeris
1085 433 1380 478 voluminibus
1403 431 1539 490 sparsi
1563 442 1704 491 erant,
1721 446 1765 483 et

483 508 668 553 quorum
692 494 842 553 plures
866 494 1148 552 manuscripti
1174 493 1346 540 tantum
1371 501 1447 539 aut
1471 493 1664 549 fuerant,
1687 506 1762 544 aut

483 555 839 601 inveniebantur.
902 557 1031 614 Opus
1065 554 1227 614 prodiit
1257 552 1502 601 successive
1525 557 1556 603 7
1579 554 1762 603 volumi.

483 617 617 660 nibus
640 617 1032 676 comprehensum,
1057 623 1103 661 et
1127 615 1374 662 Processus
1411 613 1609 661 verbales
1646 619 1764 664 exhi.

485 677 559 721 bet
582 691 720 736 usque
744 679 798 724 ud
821 693 987 724 annum
1013 680 1144 724 1746.
1212 676 1410 722 Multum
1436 676 1644 735 pretiosae
1662 691 1764 728 sunt

485 736 583 783 duae
605 740 692 784 illae
715 739 1022 791 collectiones,
1041 754 1139 797 quse
1161 744 1228 784 tot
1247 741 1461 784 exhibent
1485 748 1765 787 monumenta

484 800 538 843 ad
575 799 794 845 illustrem
853 799 1102 847 Galliarum
1160 798 1416 845 Ecclesium
1459 800 1765 856 spectantia—

486 859 805 919 Montfaucon,
850 861 1088 909 Benedict.
1132 862 1196 905 vir
1233 863 1420 907 infinitoe
1464 860 1681 904 memoriae
1723 873 1765 910 et

484 922 768 975 eruditionis,
792 922 928 968 multa
943 925 1138 979 scripsit,
1157 927 1203 967 et
1227 920 1493 982 potissimuu
1517 920 1764 981 Antiquita-

485 991 582 1028 tum
616 998 721 1029 cum
744 986 1064 1042 supplementis
1095 988 1151 1031 15
1180 985 1445 1038 volumina3
1480 996 1642 1027 novam
1664 998 1769 1030 con.

486 1045 596 1090 fecit
638 1047 880 1091 editionem
923 1061 1111 1105 operum
1147 1044 1192 1090 S.
1226 1046 1457 1091 Athanasii
1483 1050 1528 1089 et
1550 1042 1595 1088 S.
1629 1042 1768 1106 Chry-

486 1107 689 1157 flostoml,
735 1108 817 1155 διο.
871 1109 954 1154 &c.
986 1108 1101 1153 obiit
1146 1106 1565 1161 1741—Muratori,
1611 1105 1764 1162 Italus,

485 1168 588 1212 vere
608 1167 862 1228 prodigium
885 1173 940 1215 ea
953 1173 1043 1227 qua
1058 1169 1264 1215 affluebat
1284 1169 1326 1212 iu
1342 1167 1547 1213 omnibus
1566 1166 1768 1222 scientia,

486 1230 663 1287 scripsit
702 1231 931 1276 innumera
973 1245 1144 1289 opera3
1182 1244 1239 1275 ex
1257 1229 1342 1275 illis
1364 1229 1557 1289 plurima
1594 1232 1771 1276 suntde

485 1290 617 1334 rebus
651 1291 919 1351 theologicis
942 1306 956 1347 ;
1008 1292 1234 1338 excellens
1291 1290 1507 1337 Auctoris
1547 1288 1769 1345 judicium

486 1351 647 1407 prohat
666 1351 780 1396 illud
814 1354 931 1412 quod
955 1354 1197 1411 inscripsit,
1234 1351 1445 1398 Lamindi
1467 1348 1685 1402 Pritanii‚
1719 1349 1771 1396 cle

482 1411 758 1471 ingeniorum
776 1413 1072 1459 moderatione
1093 1414 1138 1459 in
1167 1412 1400 1471 religionis
1415 1411 1645 1469 negotio—
1657 1409 1774 1456 Pon·

484 1482 551 1519 tas
598 1470 810 1517 Ecclesiae
852 1473 1117 1519 parisiensis
1159 1474 1543 1529 Poenitentiarius,
1580 1473 1774 1519 confecit

486 1534 818 1579 vocabularium
853 1534 910 1578 de
943 1535 1122 1580 casibus
1144 1534 1431 1579 conscientiae
1454 1536 1483 1576 3
1507 1533 1592 1578 vol.
1628 1533 1775 1583 in-sol.

481 1596 599 1640 obiit
621 1595 940 1640 1728—Anno
964 1599 1104 1649 1732,
1119 1599 1149 1641 2
1169 1593 1334 1640 volum.
1368 1596 1489 1639 edita
1504 1591 1628 1639 fuere
1652 1593 1770 1640 Res-

483 1670 625 1715 ponsa
661 1656 718 1701 de
756 1654 948 1701 Casibus
983 1656 1299 1707 conscientiae,
1340 1657 1446 1701 ‹lata
1466 1652 1494 1699 ὸ.
1519 1653 1581 1699 D.
1614 1655 1676 1701 D.
1699 1656 1772 1703 De

484 1716 646 1762 Lamet
686 1725 735 1763 et
778 1716 1059 1776 Fromageau
1099 1717 1234 1764 Doct.
1269 1715 1771 1776 Sorbonicis—Pouget,

485 1776 803 1836 Orator-ianus,
836 1779 1101 1826 orthodoxae
1137 1779 1244 1825 fidei
1283 1777 1557 1823 documenta
1577 1777 1771 1825 dilucide

482 1847 531 1886 et
567 1839 777 1886 accurate
799 1843 1019 1887 contraxit
1042 1842 1085 1885 in
1108 1838 1393 1886 Catechismo
1415 1840 1770 1899 Mons-pessula-

483 1917 543 1947 no
567 1901 645 2007 §3¹⁰
683 1901 1012 1963 Montpellier).
1077 1903 1204 1961 Opus
1224 1900 1332 1946 illud
1355 1899 1521 1946 Latine
1543 1904 1773 1947 transtulit

483 1964 535 2008 P.
616 1964 831 2009 esmolets
868 1977 924 2007 ex
947 1963 1109 2009 eadem
1146 1962 1347 2008 Orotorii
1379 1960 1615 2022 Congreg.
1646 1963 1771 2009 audi-

482 2024 550 2069 dit
566 2025 609 2068 iu
629 2028 808 2083 integro
829 2038 982 2069 omnes
1004 2030 1172 2084 textus,
1193 2032 1288 2071 tum
1319 2022 1368 2069 S.
1398 2021 1656 2083 Scripturae,
1672 2030 1770 2074 tum

481 2083 660 2131 Concil.
692 2091 784 2129 tum
808 2083 877 2131 SS.
915 2084 1010 2131 ΡΡ.
1033 2087 1109 2144 qui
1130 2087 1175 2130 in
1192 2099 1328 2144 opere
1351 2084 1529 2129 tantum
1549 2086 1769 2143 citantur3

482 2147 570 2192 illae
601 2145 898 2193 Institutiones
942 2145 1193 2201 Catholicae,
1215 2152 1248 2193 2
1268 2147 1360 2191 vol.
1394 2145 1535 2190 in-fol.
1571 2161 1775 2207 compre-

482 2208 645 2263 bennae,
666 2206 818 2252 haberi
847 2212 1031 2266 possunt
1059 2217 1108 2253 ut
1129 2222 1293 2269 corpus
1308 2207 1489 2265 integrae
1506 2208 1772 2268 theologiae:

483 2271 597 2314 obiit
619 2268 675 2317 P.
708 2269 885 2328 Pouget
919 2285 992 2315 an.
1029 2273 1166 2314 1723.
1233 2271 1495 2316 Notandum
1537 2270 1772 2316 nonnullas

485 2328 685 2376 Gallicas
705 2329 923 2376 editiones
945 2331 1094 2376 eximii
1108 2332 1239 2378 istius
1254 2332 1401 2389 operis
1416 2331 1638 2376 erroribus
1659 2330 1771 2376 Jan-

482 2393 593 2437 senii
646 2396 693 2437 et
735 2389 964 2444 Quesnelli
1007 2406 1212 2451 aspersas
1255 2389 1608 2443 fuisse-Quieti
1654 2392 1768 2454 (Le)

482 2452 830 2505 DominicanuS‚
858 2452 1073 2499 Orientem
1096 2452 1394 2500 Christianum
1408 2454 1615 2498 exaravit
1638 2457 1664 2498 3
1686 2457 1769 2499 vol.

482 2515 634 2560 in-fol.
667 2514 811 2560 edidit
842 2529 978 2572 opera
1012 2513 1061 2563 S.
1094 2514 1231 2561 Joan.
1265 2514 1476 2560 Damasc.
1506 2521 1554 2559 et
1590 2516 1770 2574 scripsit

481 2578 584 2624 adr.
624 2575 689 2622 Le
714 2575 985 2639 Courrayer,
1002 2578 1057 2623 de
1074 2576 1273 2625 nullitate
1300 2576 1454 2625 Ordin.
1490 2575 1771 2637 Anglicana-
