2136 3248
489 319 587 369 212
708 322 924 373 Historia
957 323 1300 374 Ecclesiastico.
1334 325 1502 377 XVIII
1553 331 1660 380 Suc.

492 461 588 492 nem
604 451 795 506 prorsas
824 447 1084 496 abolendam
1100 465 1118 495 .·
1151 449 1178 478 ⁹
1211 457 1256 498 et
1279 449 1414 510 pauld
1437 460 1538 512 post
1553 454 1600 504 S.
1634 455 1781 508 Ponti-

493 511 572 553 fex
596 506 788 556 Civicum
802 510 1101 570 juramentum
1131 514 1342 573 appellat,
1382 531 1579 564 errorum
1611 523 1784 569 omnium

493 577 750 617 venenatum
758 570 933 630 fontem
954 579 994 619 et
1014 575 1242 634 originem,
1284 576 1604 639 Catholicoeque
1646 581 1785 631 Galli-

494 647 618 678 oanoe
651 632 867 680 Ecclesioe
888 636 1084 682 moeroris
1115 638 1385 700 prcocipuam
1405 653 1597 686 causam.
1663 642 1784 693 Idem

493 695 612 752 quod
650 692 694 740 S.
730 696 935 742 Pontifex
974 707 1208 746 senserunt
1247 712 1295 747 et
1331 700 1582 748 docuerunt
1626 718 1782 754 omnes

495 756 724 816 Episcopi,
747 758 837 804 sive
861 757 1137 821 Galliarum,
1166 765 1199 810 4
1221 764 1436 824 exceptis,
1460 764 1553 810 sive
1578 764 1786 819 Universi

494 821 633 865 Orbis
655 820 894 867 Catholici.

558 880 631 928 Ex
653 884 739 928 hac
778 883 894 930 civili
932 883 1249 932 Constitutione
1291 892 1398 932 nata
1418 895 1490 935 est
1511 889 1789 941 schismatica
1862 894 1864 899 ’
1902 868 1905 873 ἡ

494 943 754 991 Galliarum
774 944 1003 1004 Ecclesia3
1036 948 1164 993 initia
1185 964 1260 994 sua
1302 949 1458 996 debuit
1499 951 1722 1012 perjuriis,
1742 966 1786 1003 et

492 1010 771 1055 incrementa
793 1011 974 1069 stupris,
1010 1010 1255 1065 adulteriis,
1287 1012 1469 1058 incestis
1491 1019 1537 1059 et
1572 1017 1786 1077 sacrilegis

495 1073 682 1130 nuptiis,
708 1072 872 1131 rapinis
893 1083 941 1117 et
961 1073 1172 1130 caedibus,
1193 1083 1328 1132 atque
1351 1076 1562 1122 atrociori
1595 1093 1691 1137 quae
1714 1096 1787 1126 un·

493 1148 631 1193 quart,
663 1135 862 1181 extiterit
884 1137 928 1181 in
951 1135 1217 1183 Sacerdotes
1255 1139 1498 1184 catholicos
1522 1146 1569 1184 et
1612 1139 1785 1188 Fideles

492 1199 643 1243 omnis
695 1197 846 1250 sextis,
896 1200 1040 1245 aetatis
1084 1206 1132 1244 et
1171 1200 1439 1246 conditionis
1483 1206 1788 1260 persecutioni.

493 1258 664 1306 Eversa
689 1261 825 1306 semel
855 1261 1078 1307 catholica
1102 1260 1325 1316 Ecclesia,
1360 1262 1426 1309 ad
1446 1278 1575 1324 quam
1605 1276 1789 1324 prorsus

491 1322 753 1369 abolendam
777 1324 1027 1384 excogitata
1036 1323 1201 1383 suerat
1228 1323 1629 1382 ConstitutionaliS,
1656 1329 1787 1375 Pseu-

493 1386 844 1444 ‹lo-philosophi,
865 1387 989 1431 omni
998 1387 1093 1439 jam
1118 1394 1295 1432 remoto
1315 1389 1465 1444 obice,
1487 1396 1609 1434 certo
1631 1405 1789 1449 gressu

494 1458 787 1506 perrexerunt
809 1448 863 1493 ad
889 1449 1164 1506 perficienda
1195 1450 1330 1508 impia
1352 1464 1430 1494 sua
1461 1450 1674 1498 adversos
1697 1454 1790 1498 Do.

496 1512 669 1556 minum
688 1518 737 1558 et
752 1510 981 1558 Christum
998 1510 1097 1569 ejus
1119 1513 1321 1568 consilia,
1338 1527 1393 1558 ex
1411 1514 1551 1572 longo
1569 1516 1792 1562 meditata.

495 1574 549 1620 In
574 1577 724 1620 omnia
745 1577 879 1620 Sacra
899 1575 1100 1620 inaudito
1118 1589 1255 1634 usque
1279 1574 1366 1621 bite
1384 1575 1533 1621 surore
1550 1574 1792 1623 debaccha-

494 1639 529 1681 ti
555 1645 660 1682 sunt
683 1654 696 1694 ς
733 1638 918 1697 publicis
942 1638 1133 1683 decretis
1162 1637 1386 1684 destructa
1414 1638 1538 1683 fuere
1563 1641 1712 1684 omnia
1733 1645 1788 1690 ad

493 1716 635 1746 unum
654 1707 966 1758 monumenta,
1001 1701 1069 1745 vel
1109 1701 1272 1745 leviore
1310 1702 1512 1746 extincto
1537 1702 1788 1750 christianae

495 1766 728 1824 religionis
743 1766 876 1824 signo
894 1777 908 1818 ς
925 1768 1096 1824 templa
1109 1770 1184 1807 aut
1200 1764 1362 1819 diruta,
1378 1771 1453 1808 aut
1470 1762 1639 1822 polluta
1654 1766 1794 1810 infan.

494 1828 566 1873 dis
609 1827 1014 1872 abominationibus
1052 1847 1065 1883 ;
1124 1828 1256 1870 sacris
1303 1826 1497 1887 Hymnis
1539 1827 1793 1877 substituta)

494 1899 603 1936 sunt
636 1896 789 1948 turpes
827 1895 872 1934 et
909 1892 1060 1947 impiae
1082 1889 1335 1940 cantilenae,
1360 1895 1405 1933 et
1441 1889 1671 1935 tremendo
1708 1890 1793 1937 Dei

493 1963 565 2000 ter
588 1955 741 1999 Sancti
764 1953 921 1998 altaria
940 1952 1181 2011 occupavit
1202 1951 1309 1997 Dea
1343 1951 1556 1997 Rationis
1578 1956 1619 1995 et
1640 1949 1791 1998 In‘bcr·

495 2018 619 2062 tatis.
697 2016 820 2075 Ipsis
864 2015 1075 2061 Ecclesiae
1127 2011 1511 2058 Constitutionalis
1559 2012 1795 2073 Ministris,

497 2094 690 2124 numero
731 2079 978 2138 permultiS,
1015 2083 1118 2136 post
1160 2073 1381 2132 ejuratam
1426 2074 1604 2133 publice
1629 2075 1798 2124 Christi

499 2142 653 2200 fidem,
672 2144 853 2201 impium
878 2144 998 2187 hunc
1021 2148 1067 2186 et
1088 2141 1313 2196 impurum
1337 2137 1508 2183 cultum
1539 2154 1795 2199 promoven-

498 2208 636 2261 tibuS‚
661 2205 826 2259 Gallia,
850 2206 895 2250 in
918 2219 1006 2263 qua
1044 2209 1113 2248 tot
1134 2201 1389 2247 seculorum
1410 2208 1557 2246 tractu
1583 2202 1796 2250 floruerat

500 2272 744 2316 christiana
777 2276 822 2313 et
856 2266 1078 2312 catholica.
1116 2266 1287 2322 religio,
1307 2269 1403 2308 tota
1424 2264 1541 2309 facta
1559 2276 1628 2309 est
1651 2266 1795 2323 publi-

499 2348 605 2378 cum
632 2333 860 2377 Atheismi
886 2326 1289 2388 templum—Proh
1308 2327 1501 2372 luctuosi
1522 2325 1616 2371 dies
1638 2330 1794 2387 quibus

499 2395 721 2441 clauditur
761 2396 842 2439 hoc
882 2391 1121 2439 seculum!
1191 2390 1300 2436 Dies
1328 2387 1413 2432 illis
1451 2392 1795 2449 annumerandi,

499 2459 559 2503 de
618 2458 789 2516 quibus
842 2457 907 2501 sic
960 2455 1226 2514 loquebatur
1281 2452 1489 2498 Christus
1546 2451 1795 2500 Dominus:

501 2526 529 2549 ‘⁶
563 2535 656 2566 Nrsr
700 2533 927 2565 nnuvm'rt
971 2530 1196 2563 Fmssnwr
1239 2528 1346 2560 DIES
1377 2529 1490 2572 uu,
1524 2529 1672 2562 aava
1702 2530 1799 2563 nort

496 2596 673 2630 mnam
704 2596 849 2627 omme
879 2595 1013 2626 cauzo.
1039 2577 1069 2603 ''
1104 2576 1291 2639 (Matth.
1325 2573 1427 2637 24.)
1569 2591 1576 2599 ·

547 2743 570 2768 *
597 2740 641 2778 V.
669 2744 737 2778 las
763 2740 856 2777 Litt.
875 2735 1110 2778 commonit.
1144 2736 1190 2772 13
1209 2735 1328 2785 April,
1348 2735 1455 2780 1793,
1475 2734 1606 2774 vei-siis
1622 2732 1802 2778 medium,

490 2796 531 2831 ct
549 2790 645 2831 aliu
662 2801 748 2843 quoe
764 2790 979 2831 subsecutas
996 2792 1087 2826 sunt
1105 2786 1350 2836 Apostolicas
1364 2786 1549 2825 Littera·-

1032 2898 1230 2961 mma.
