2168 3312
707 305 768 354 1⁰
1211 308 1526 373 Compendium.

702 434 828 482 Duas
852 434 927 481 ille
949 436 1128 497 scripsit
1167 435 1221 482 ad
1247 437 1507 483 Corinthios
1542 437 1771 498 epistolas,
1794 451 1983 500 quarum

701 501 844 558 primu
864 498 957 545 fere
979 500 1149 560 integra
1167 500 1221 545 ad
1247 515 1330 546 nos
1353 502 1551 560 pervenit
1569 522 1583 559 3
1621 501 1804 548 alterius
1845 516 1986 547 unum

701 568 901 620 superest
926 563 1240 620 fragmentum.

765 623 861 671 111.
882 623 1131 686 Scriptores
1151 625 1458 672 Ecclesia-sitici
1479 626 1657 671 fuerunt
1679 623 1721 670 S.
1743 627 1986 679 Barnabas,

699 685 745 734 S.
762 685 891 733 Pauli
915 689 1077 746 socius,
1095 690 1169 747 qui
1187 689 1359 747 scripsit
1377 689 1607 746 epistolam
1628 689 1735 733 satis
1754 689 1984 750 prolixam,

698 765 798 809 quoe
820 748 847 795 εὶ
880 750 1097 810 plerisque
1121 752 1285 797 criticis
1307 758 1355 794 ut
1377 753 1621 807 genuinum
1650 751 1726 809 eju.
1773 768 1884 812 opus
1906 752 1984 796 ha-

693 812 1096 874 betur-Hermas,
1130 814 1176 860 S.
1200 814 1322 859 Pauli
1356 812 1615 873 discipulus,
1640 816 1815 875 scripsit
1848 829 1983 873 opus·

693 883 790 925 cula
831 879 912 922 sub
937 878 1112 922 nomine
1136 876 1368 932 Pastoris,
1405 891 1505 934 quoe
1549 891 1709 937 magno
1752 880 1795 923 in
1840 878 1983 935 pretio

692 939 847 987 habita
867 945 970 985 sunt
1005 942 1156 998 primis
1195 938 1406 984 Ecclesiae
1429 937 1701 984 seculis-S·
1738 941 1982 997 Dionysius

692 1004 923 1062 Areopagi
964 1004 1170 1063 Senator,
1214 1006 1241 1046 a
1259 1001 1305 1049 S.
1339 1001 1478 1047 Paulo
1501 1002 1554 1045 ad
1578 1001 1710 1047 fldem
1732 1017 1976 1047 conversus

693 1072 762 1111 est
802 1066 1007 1121 Athenis,
1033 1081 1150 1111 anno
1172 1066 1345 1112 circiter
1368 1070 1441 1110 50.
1509 1064 1673 1111 Utrum
1720 1066 1762 1109 in
1800 1063 1977 1110 Gallias

692 1128 882 1186 venerit,
922 1138 969 1173 et
1004 1144 1185 1187 operum
1208 1143 1307 1186 quae
1342 1130 1422 1173 sub
1445 1124 1542 1183 ejus
1585 1129 1759 1172 nomine
1797 1128 1978 1189 vulgata

691 1198 796 1237 sunt
817 1190 950 1236 suerit
984 1199 1128 1244 autor,
1163 1191 1306 1249 ampla
1344 1191 1427 1236 fuit
1451 1190 1704 1249 disputandi
1748 1193 1981 1237 materies.

692 1253 832 1300 Nunc
847 1262 895 1299 ut
916 1256 1210 1300 certissimum
1235 1256 1438 1312 habetur,
1463 1252 1507 1298 S.
1541 1253 1810 1313 Dionysium
1836 1256 1977 1300 Areo-

691 1317 889 1376 pagitam
933 1332 1035 1362 esse
1076 1316 1263 1363 omnino
1298 1318 1559 1362 distinctum
1587 1319 1614 1361 ἐι
1638 1317 1895 1373 parisiensi,
1930 1324 1977 1361 et

691 1386 897 1425 neutrum
935 1394 1030 1424 esse
1068 1389 1269 1427 autorem
1313 1394 1499 1437 operum
1526 1380 1606 1438 ipsi
1642 1380 1978 1438 attributorum,

690 1441 770 1488 sed
793 1442 980 1499 aliquem
1003 1448 1028 1489 5
1051 1445 1186 1489 seculi
1202 1440 1722 1488 autorem—Prochorus
1749 1441 1975 1488 Diaconos

689 1511 735 1551 et
769 1505 933 1550 Abdins
972 1506 1269 1564 Babylonicus
1292 1504 1456 1550 Christi
1482 1505 1741 1562 discipulus,
1766 1508 1976 1551 dicuutur

687 1568 1013 1627 Apostolorum
1039 1570 1242 1613 historias
1266 1567 1580 1625 descripsisse5
1606 1575 1649 1612 at
1673 1569 1833 1614 fabulis
1854 1569 1974 1614 sirni-

687 1630 823 1677 liores
845 1638 966 1685 sunt,
990 1630 1126 1687 quam
1151 1646 1264 1677 veroe
1294 1631 1554 1675 narrationi.
1614 1630 1819 1677 Traditio
1839 1633 1977 1677 docet

688 1693 735 1743 S.
778 1692 986 1746 Petrum,
1032 1700 1134 1753 post
1175 1694 1508 1754 promulgatum
1562 1695 1714 1739 multis
1768 1696 1813 1739 in
1860 1696 1975 1739 locis

685 1758 998 1816 Evangelium,
1042 1755 1285 1817 praesertim
1346 1755 1538 1812 Judaeis,
1585 1763 1813 1815 postquam
1858 1758 1977 1802 sedit

685 1821 939 1866 Antiochiae
964 1829 1136 1880 septem
1161 1822 1283 1865 annis
1307 1828 1352 1865 et
1391 1818 1552 1863 Romae
1585 1823 1663 1872 25,
1689 1828 1787 1879 post
1823 1820 1971 1867 devic-

685 1889 784 1929 tum
828 1881 1051 1929 Simonem
1076 1883 1288 1943 Magum,
1315 1883 1574 1930 crucifixum
1597 1883 1731 1927 fuisse
1772 1884 1927 1929 Rornae
1953 1903 1967 1940 3

687 1945 733 1992 S.
767 1947 953 1992 Paulum
975 1948 1019 1992 in
1044 1948 1200 1991 multis
1218 1946 1472 2005 regionibus
1499 1945 1785 2007 Evangelium
1810 1951 1968 2008 praedi-

685 2024 829 2061 casse,
848 2010 1093 2068 praesertim
1118 2007 1359 2064 Gentibus,
1383 2014 1429 2053 et
1454 2007 1611 2053 Romae
1632 2010 1782 2070 gladio
1805 2027 1967 2058 coesum

684 2073 841 2118 fuisse.
905 2072 1181 2117 Caeterorum
1205 2071 1517 2128 Apostolorum
1546 2074 1764 2117 missionis
1788 2076 1885 2120 loca
1924 2083 1971 2122 et

684 2135 841 2181 mortis
872 2149 1145 2193 generarnon
1179 2133 1363 2179 omnino
1407 2141 1629 2179 constant.
1694 2136 1831 2183 Multi
1874 2154 1968 2184 cre-

682 2198 796 2243 dunt
838 2196 883 2242 S.
917 2198 1145 2244 Andream
1192 2200 1236 2242 in
1277 2196 1476 2256 Scythia,
1525 2197 1659 2255 Epiro
1705 2206 1752 2244 et
1789 2202 1966 2247 Achai&

682 2260 971 2318 Evangelium
998 2263 1256 2315 praedicasse
1292 2268 1338 2304 et
1359 2259 1614 2306 crucifixum
1635 2261 1786 2307 fuisse.
1847 2266 1967 2309 Acta.

680 2324 822 2383 ipsius
861 2326 1075 2382 passionis
1117 2326 1173 2368 ab
1224 2323 1406 2369 Achaiae
1461 2324 1738 2385 Presbyteris
1782 2329 1967 2385 scripta,

681 2393 889 2444 tanquam
923 2388 1071 2445 spuria,
1112 2385 1141 2432 εὶ
1173 2385 1433 2447 quibusdam
1480 2402 1597 2431 nunc
1639 2388 1965 2435 habentur—S.

682 2447 906 2495 Jacobum
951 2449 1182 2508 majorem,
1227 2448 1347 2505 jussu
1390 2448 1583 2495 Herodis
1617 2452 1764 2508 gladio
1796 2467 1964 2499 caesum

680 2513 817 2558 fuisse
834 2518 1006 2557 constat
1028 2527 1081 2557 ex
1106 2521 1196 2559 act.
1262 2511 1422 2572 θροεῖ.
1461 2527 1545 2571 cap
1578 2519 1646 2558 12.
1682 2514 1728 2558 S.
1761 2512 1964 2560 ,lacobus

680 2576 847 2631 minor,
888 2574 1165 2621 Jerosolimis
1190 2577 1215 2619 ὲ
1255 2574 1443 2633 Templo
1468 2588 1663 2635 praeceps
1688 2583 1830 2637 actus,
1852 2580 1965 2624 obiit

678 2651 798 2683 anno
853 2641 927 2683 62.
969 2636 1015 2682 S.
1047 2637 1243 2685 Joannes
1283 2637 1569 2697 Evangelista
1608 2639 1782 2698 placid&
1820 2650 1964 2688 morte

682 2698 852 2763 Ephesi
869 2700 1003 2763 obiit,
1026 2699 1203 2759 Romae,
1231 2701 1361 2761 jussu
1384 2701 1661 2766 Domitiani,
1686 2706 1728 2749 in
1752 2703 1967 2753 ferventis
