2168 3312
665 295 700 345 8
942 297 1154 348 Historiae
1176 298 1519 348 Ecclesiasticoe.
1551 298 1586 346 1.
1623 298 1718 347 Sec

669 419 862 482 Spiritus
899 419 1087 470 Sanctus
1119 430 1360 484 operatum
1400 429 1446 470 et
1482 424 1519 470 si
1560 423 1774 484 gloriatur
1812 438 1952 471 unum

669 487 940 541 membrum,
962 489 1241 545 congaudent
1261 488 1411 533 omnia
1443 489 1665 543 membra,
1692 492 1711 531 l
1748 485 1849 532 Cor.
1880 492 1956 534 13.

702 552 730 593 5
750 547 777 576 0
797 580 811 593 .
829 549 1054 606 Principes
1072 551 1409 608 appellabimus,
1428 549 1523 610 qui,
1550 550 1754 609 apostolo
1790 549 1955 596 docen-

665 614 731 669 te,
784 611 873 657 Dei
915 619 1019 658 eunt
1043 614 1226 658 ministri
1249 614 1293 657 in
1319 613 1499 672 bonum,
1521 617 1566 657 et
1601 625 1789 672 quorum
1812 620 1957 672 potes-

665 674 748 719 tati
771 674 846 732 qui
876 676 1061 728 resistit,
1085 675 1173 721 Dei
1204 674 1474 720 ordinationi
1514 675 1695 720 resistit.

729 739 757 781 6
777 735 805 762 0
824 765 838 781 .
868 735 1072 782 Tandem
1115 739 1380 791 Novatores,
1419 739 1494 796 qui
1519 736 1741 782 haereseon
1778 751 1956 783 suarum

667 799 794 844 virus
827 799 1075 845 diffundere
1116 801 1264 845 conati
1304 806 1427 859 sunt,
1469 799 1675 859 quodque
1719 800 1961 846 Catholicoe

665 861 883 907 doctrinae
918 869 1049 922 caput
1073 864 1331 908 subvertere
1353 863 1548 923 aggressi
1572 867 1694 919 sunt,
1718 875 1808 905 non
1830 865 1959 908 omit·

665 930 847 979 ternum
880 925 1202 971 attendendum
1247 926 1364 971 enim
1406 932 1476 970 est
1511 924 1566 969 ad
1607 926 1737 983 lupos
1774 938 1954 983 rapaces

667 988 744 1045 qui
766 986 810 1031 in
833 988 1107 1033 vestimentis
1141 989 1316 1046 ovium,
1336 987 1390 1033 ad
1415 987 1650 1047 rapiendas
1673 1000 1777 1031 oves
1801 989 1959 1033 incau-

664 1057 753 1107 tas,
775 1051 976 1108 veniunt,
1006 1049 1169 1097 Matth.
1205 1055 1254 1098 7.
1286 1066 1328 1095 v.
1364 1054 1437 1095 15.
1492 1051 1741 1108 “Oportet
1780 1050 1956 1105 quidem

666 1113 703 1142 “
722 1113 910 1158 haereses
946 1111 1089 1158 esse.”
1118 1118 1136 1157 1
1171 1113 1281 1159 C'or.
1323 1117 1397 1158 11.
1418 1128 1444 1157 v
1465 1146 1475 1158 .
1500 1115 1575 1157 19.
1597 1118 1663 1168 at,
1688 1119 1737 1155 ut
1774 1114 1957 1169 pulchre

668 1175 782 1220 dicit
805 1172 851 1220 S.
878 1175 1176 1221 Ambros.lib.
1201 1175 1255 1220 de
1291 1174 1455 1220 Salam.
1490 1189 1586 1233 cap.
1620 1179 1668 1218 4,
1701 1171 1957 1229 “Ecclesia,

669 1244 705 1264 ‘⁸
724 1238 808 1283 etsi
839 1241 1056 1284 undarum
1076 1238 1285 1282 fluctibus
1302 1244 1376 1282 aut
1395 1239 1602 1295 procellis
1621 1236 1737 1295 soepe
1758 1245 1957 1291 vexetur,

667 1300 702 1329 ‘⁶
720 1315 948 1358 nunquam
973 1307 1121 1360 potest
1138 1301 1352 1344 sustinere
1376 1300 1670 1356 naufragium
1698 1298 1801 1358 quia
1824 1298 1865 1343 in
1889 1316 1958 1346 ar-

670 1364 818 1408 “bore
842 1362 953 1421 ejuS‚
977 1365 1020 1408 i‹l
1045 1370 1117 1408 est
1140 1376 1270 1407 cruce
1294 1361 1494 1406 Christus
1520 1362 1724 1421 erigitur,
1751 1363 1794 1405 in
1821 1364 1958 1424 puppi

668 1425 704 1454 ‘⁶
722 1425 857 1471 Pater
891 1426 1053 1471 residet
1074 1427 1368 1487 gubernator,
1390 1438 1563 1484 proram
1587 1424 1843 1470 Paracletus
1868 1441 1960 1473 ser-

670 1493 706 1543 f‘
728 1497 803 1534 vat
824 1489 1064 1547 Spiritus.”

923 1872 1145 1934 Synopsis
1167 1873 1305 1934 primi
1326 1871 1539 1919 ,Ecclesioe
1572 1875 1717 1920 seculi.

676 1998 987 2090 LAERAE
1010 2002 1196 2061 vulgaris
1220 2002 1482 2047 Christianae
1502 2016 1619 2046 anno
1656 2006 1734 2054 50,
1771 2005 1968 2050 celebra-

883 2073 977 2111 tum
1010 2071 1080 2110 est
1101 2063 1383 2111 Jerosolimis
1404 2066 1721 2119 Apostolicum
1769 2069 1965 2113 Concili-

673 2146 772 2177 um.
807 2128 987 2175 Praefuit
1026 2129 1201 2179 Petrus,
1243 2133 1292 2171 et
1329 2126 1566 2173 definitum
1611 2135 1679 2173 est
1712 2129 1870 2173 fideles
1907 2132 1964 2176 ad

677 2192 1037 2241 observationem
1071 2192 1174 2250 legis
1197 2191 1412 2235 Mosa'icae
1432 2204 1517 2234 non
1545 2191 1705 2241 teneri,
1731 2190 1829 2236 Act.
1857 2190 1932 2240 15.

738 2255 796 2302 II.
833 2254 1024 2301 Romani
1047 2251 1290 2312 Pontifices
1312 2252 1491 2297 fuerunt
1513 2251 1554 2297 S.
1590 2254 1746 2298 Petrus
1771 2255 1827 2298 ab
1865 2255 1965 2313 ipso

678 2320 861 2366 Christo
895 2314 1007 2361 Jesu
1044 2319 1310 2360 constitutus
1331 2320 1464 2372 caput
1508 2317 1683 2361 visibile
1728 2315 1963 2370 Ecclesiae,

677 2396 815 2442 quam
854 2379 965 2425 rexit
988 2383 1044 2428 37
1070 2379 1214 2436 annis,
1239 2379 1296 2421 ab
1314 2392 1431 2422 anno
1475 2380 1534 2423 33
1552 2391 1648 2423 aerae
1684 2379 1877 2440 vulgaris
1899 2379 1962 2425 ad

679 2449 739 2490 68
764 2458 853 2501 quo
875 2449 1042 2500 martyr
1064 2441 1272 2486 occubuit
1297 2440 1470 2498 Romae,
1495 2438 1572 2486 ubi
1606 2442 1761 2487 sedem
1803 2442 1965 2489 fixerat

678 2510 737 2554 ab
760 2509 885 2551 annis
909 2506 969 2548 ‘24
1004 2512 1049 2549 et
1073 2508 1099 2548 ὅ
1125 2505 1381 2562 mensibus;
1426 2519 1536 2561 quos
1559 2514 1700 2549 annos
1725 2503 1871 2549 nullus
1901 2519 1962 2552 ex

674 2565 1006 2616 successoribus
1028 2567 1073 2612 in
1106 2568 1209 2611 sede
1242 2566 1445 2612 Roman&
1467 2566 1684 2612 vidit-S.
1730 2565 1872 2612 Linus
1907 2571 1965 2614 ab

676 2648 795 2678 anno
820 2635 878 2677 68
900 2629 955 2675 ad
975 2627 1143 2683 78—8.
1165 2628 1319 2675 Cletus
1355 2628 1381 2674 ἐι
1403 2634 1462 2680 78
1484 2630 1539 2675 ad
1563 2627 1731 2674 91-S.
1753 2629 1967 2676 Clemens
2043 2656 2046 2660 ›

676 2696 723 2743 1.
747 2698 796 2742 S.
820 2693 948 2741 Pauli
979 2693 1172 2754 adjutor.
1198 2691 1381 2758 Philip„
1398 2696 1446 2740 4.
1469 2708 1506 2739 v.
1545 2697 1589 2743 3.
1612 2691 1641 2739 ἐι
1669 2698 1725 2740 91
1761 2691 1820 2740 ad
1855 2698 1965 2743 100.

2112 280 2124 317 ‘l

2108 707 2125 795 ‚g
