2304 3248
724 308 787 355 86
1190 308 1424 370 Compendi
1429 326 1493 355 um

727 434 851 492 cujus
876 433 1034 480 studiis
1062 429 1146 476 But
1185 432 1245 475 ari
1268 431 1324 475 ad
1354 430 1586 477 Christum
1619 436 1823 478 conversi
1849 447 2006 481 sunt-

729 493 1132 547 Barda-Basilius
1211 493 1351 538 acedo
1371 493 1652 540 catholicam
1677 494 1814 540 fidem
1835 497 2002 544 coluit--

728 562 822 609 Leo
845 556 1141 612 Philosophus
1169 560 1215 600 et
1237 556 1412 614 sapiens
1437 555 1643 602 Photium
1667 557 1694 601 ὸ
1718 557 1826 603 sede
1862 557 2003 606 detur-

722 620 960 669 bavit—ln
1007 616 1278 674 Occidente,
1326 614 1490 663 Carolo
1529 632 1688 677 magno
1734 617 2001 668 Francorum

723 683 841 744 Regi
867 689 913 725 et
938 679 1202 737 Imperatori
1227 679 1434 738 piissimo
1459 690 1505 725 et
1528 680 1769 726 fortissimo
1795 687 2002 730 successit

722 745 980 794 Ludovicus
1015 742 1140 796 Pius,
1179 740 1311 797 cujus
1332 741 1412 786 filii
1450 742 1495 787 in
1531 748 1702 800 patrem
1725 742 2002 789 rebellant—

722 807 963 854 Lotharius
987 803 1121 859 cujus
1146 801 1376 847 valdrada
1392 804 1479 849 fuit
1500 805 1664 863 pellex,
1688 803 1792 849 dnm
1818 803 2001 853 Carolus

722 868 888 915 Calvus
927 866 1010 912 fuit
1049 864 1251 909 Francioe
1279 862 1698 911 Rex—Ludovicus
1722 864 1781 910 11.
1819 865 2002 913 Crassus

721 926 1048 977 Carolus—Eo
1070 929 1228 973 seculo
1252 927 1349 971 fere
1372 927 1548 987 integro
1565 928 1811 973 Norrnanni
1835 941 1891 973 ex
1915 928 2002 975 Da-

719 995 797 1039 nia
816 992 903 1037 orti
937 990 1182 1034 innumeris
1212 989 1574 1047 praedationibus.
1607 990 1827 1042 cladibus,
1852 990 2002 1050 impie·

718 1055 886 1102 tatibus
917 1057 965 1096 et
987 1050 1226 1109 sacrilegiis
1263 1065 1343 1108 per
1376 1048 1628 1098 Galliarum
1669 1051 1924 1097 Provincias
1944 1053 2003 1099 sa·

717 1118 832 1164 mosi
854 1115 996 1160 fuere.
1060 1111 1265 1158 Tandem
1301 1111 1418 1158 circa
1453 1127 1623 1159 annum
1659 1117 1768 1166 912,
1794 1125 2000 1172 regnante

719 1178 886 1225 Carolo
909 1174 1138 1232 simplice,
1163 1173 1359 1219 Roilone
1379 1188 1541 1221 eorum
1565 1177 1711 1234 primo
1730 1174 1862 1221 Duce
1885 1176 2002 1223 facto

719 1240 992 1292 Christiano,
1017 1236 1280 1282 Neustrium
1308 1237 1493 1293 pacifice
1517 1238 1826 1296 possederunt.

777 1302 817 1344 V
822 1302 855 1346 1.
880 1299 947 1344 Ν
941 1296 1542 1344 ovatores—Gothescatcus
1563 1297 1883 1345 Benedictinus
1902 1296 2001 1345 Mo-

714 1361 901 1415 nachus,
926 1374 1192 1420 gyrovagus,
1232 1359 1673 1406 Praedestiuatianam
1710 1360 1911 1406 haeresim
1933 1376 2001 1408 so.

714 1428 854 1485 pitam
878 1422 1108 1479 excitavit,
1147 1422 1382 1466 damnatus
1405 1423 1447 1467 in
1483 1422 1681 1480 pluribus
1704 1422 1931 1473 conciliis,
1957 1427 1999 1469 in

711 1501 858 1534 errore
896 1485 1120 1542 pertinax,
1148 1497 1194 1526 se
1216 1483 1486 1542 discipulum
1518 1486 1564 1529 S.
1595 1483 1841 1545 Augustini
1874 1482 1999 1539 jacti-

712 1557 833 1600 tans,
871 1547 985 1591 obiit
1021 1543 1369 1594 867-Ph0.ius
1402 1546 1471 1590 vir·
1504 1545 1696 1604 ingenio,
1735 1545 1998 1601 subtilitate,

711 1608 920 1661 scientia,
955 1609 1196 1667 sagacitate
1229 1607 1421 1664 pollens,
1458 1614 1504 1651 ct
1538 1617 1745 1653 strenuus
1786 1607 1996 1655 fraudum

711 1674 996 1723 architectus,
1035 1671 1294 1715 ambitiosus
1330 1670 1449 1715 aedis
1489 1668 1998 1729 Constantinopoiitanae

711 1738 907 1786 invasor,
952 1734 1121 1789 incepit
1163 1731 1539 1776 krctuosissimum
1578 1733 1776 1778 schisma
1817 1729 1999 1778 Graeco-

714 1812 813 1843 rum
835 1816 847 1851 ;
886 1796 1026 1839 muita
1048 1796 1093 1837 in
1120 1790 1334 1838 Ecclesiae
1357 1793 1571 1838 Romanas
1593 1792 1830 1852 disciplina
1848 1804 1892 1838 et
1916 1796 2000 1839 fide

712 1857 992 1904 caiumniose
1034 1857 1245 1913 arguebat
1272 1870 1285 1898 :
1331 1861 1643 1902 exauctoratus
1687 1864 1772 1908 est,
1818 1854 1999 1916 Ignatio

711 1929 866 1966 tamen
890 1925 1088 1970 mortuo,
1112 1918 1260 1962 sedem
1297 1917 1462 1963 iterum
1485 1919 1722 1977 occupavit
1743 1923 1787 1961 et
1809 1919 1997 1977 pseudo-

713 1984 935 2042 synodum
958 1993 1060 2025 cum
1086 1983 1177 2025 318
1203 1978 1436 2038 Episcopis
1460 1981 1633 2039 habuit,
1656 1994 1784 2038 quam
1808 1995 1996 2026 oecume-

714 2047 863 2090 nicam
881 2057 980 2088 esse
999 2043 1192 2095 volebat,
1212 2044 1354 2087 multa
1371 2044 1563 2101 scripsit,
1579 2044 1690 2087 obiit
1707 2042 1826 2086 circa
1849 2048 1999 2090 890-

715 2110 875 2153 Scotus
903 2104 1104 2164 Erigena
1132 2106 1274 2150 varios
1296 2104 1451 2150 docuit
1471 2119 1643 2150 errores
1665 2103 1784 2148 circa
1806 2105 1996 2158 praedes-

710 2170 974 2213 tinstionem
997 2174 1043 2210 et
1066 2166 1409 2220 Eucharistiam‚
1435 2181 1494 2212 ex
1514 2165 1608 2224 ejus
1630 2168 1744 2212 libro
1768 2165 1995 2229 Berenga-

716 2234 802 2275 rius
824 2232 970 2276 multa
990 2230 1288 2288 deprompsit.

935 2440 1158 2502 Synopsis
1189 2442 1343 2488 decimi
1374 2442 1585 2489 Ecclesiae
1621 2441 1782 2489 Seculi.

717 2555 750 2600 Ι.
911 2556 1163 2604 UAMVIS
1194 2558 1285 2603 hoc
1319 2560 1520 2603 seculum
1556 2557 1823 2619 quibusdam
1855 2558 1995 2602 obnu-

955 2623 1183 2667 biiitatum
1221 2621 1357 2666 fuerit
1402 2624 1615 2679 tenebris,
1648 2621 1897 2667 certissime
1937 2626 1997 2664 ta-

717 2692 822 2725 men
846 2682 956 2730 nihii
977 2685 1022 2732 in
1041 2685 1131 2730 fide
1153 2690 1199 2732 et
1214 2683 1420 2732 doctrina
1437 2683 1651 2734 Ecclesiae
1667 2689 1891 2733 mutatum
1914 2689 1997 2737 est,
